@misc{sas,
  author  = {{SAS\text{\textregistered} Software Institute}},
  title   = {SAS},
  howpublished     = {https://www.sas.com/},
}

@misc{rano2017,
  author  = {Barba Escribá, Lourdes},
  title   = {{Regresión y ANOVA}},
  year    = {2017/18},
  note    = {Facultad de Ciencias: Departamento de Estadística}
}

@book{neter1996applied,
  title={Applied linear statistical models},
  author={Neter, John and Kutner, Michael H and Nachtsheim, Christopher J and Wasserman, William},
  volume={4},
  year={1996},
  publisher={Irwin Chicago}
}

@book{montgomery2012introduction,
  title={Introduction to linear regression analysis},
  author={Montgomery, Douglas C and Peck, Elizabeth A and Vining, G Geoffrey},
  volume={821},
  year={2012},
  publisher={John Wiley \& Sons}
}
